@misc{ddos,
title = {{DDOS Using SQL injection (SiDDOS)}},
url = {http://www.securityidiots.com/Web-Pentest/SQL-Injection/ddos-website-with-sqli-siddos.html},
urldate = {2020-03-15}
}
@misc{rce,
title = {{SQL injection to RCE - InfoSec Write-ups - Medium}},
url = {https://medium.com/bugbountywriteup/sql-injection-to-lfi-to-rce-536bed29a862},
urldate = {2020-03-21}
}
@misc{union_attacks,
title = {{SQL injection UNION attacks | Web Security Academy}},
url = {https://portswigger.net/web-security/sql-injection/union-attacks},
urldate = {2020-03-17}
}
@misc{cheat_sheet_wsa,
title = {{SQL injection cheat sheet | Web Security Academy}},
url = {https://portswigger.net/web-security/sql-injection/cheat-sheet},
urldate = {2020-03-20}
}
@misc{sqli,
title = {{What is SQL Injection? Tutorial {\&} Examples | Web Security Academy}},
url = {https://portswigger.net/web-security/sql-injection},
urldate = {2020-03-10}
}
@misc{cheat_sheet,
title = {{SQL Injection Cheat Sheet | Netsparker}},
url = {https://www.netsparker.com/blog/web-security/sql-injection-cheat-sheet/},
urldate = {2020-03-21}
}

@misc{oast,
title = {{Out-of-Band Application Security Testing (OAST) Software - PortSwigger}},
url = {https://portswigger.net/burp/application-security-testing/oast},
urldate = {2020-03-28}
}
@misc{blind_sqli,
title = {{Blind SQL Injection | Triggering Conditional Response | Part 1 | Ishara Abeythissa}},
url = {https://medium.com/@isharaabeythissa/blind-sql-injection-triggering-conditional-response-8b49c6f75512},
urldate = {2020-03-28}
}
