@misc{xss,
title = {{What is cross-site scripting (XSS) and how to prevent it? | Web Security Academy}},
url = {https://portswigger.net/web-security/cross-site-scripting},
urldate = {2020-03-28}
}
@misc{dom,
title = {{DOM-based vulnerabilities | Web Security Academy}},
url = {https://portswigger.net/web-security/dom-based},
urldate = {2020-03-28}
}
