@misc{wireshark,
title = {{Wireshark {\textperiodcentered} Go Deep.}},
url = {https://www.wireshark.org/},
urldate = {2020-07-12}
}
@misc{tcpdump,
title = {{Manpage of TCPDUMP}},
url = {https://www.tcpdump.org/manpages/tcpdump.1.html},
urldate = {2020-07-12}
}
@misc{windump,
title = {{WinDump - Home}},
url = {https://www.winpcap.org/windump/},
urldate = {2020-07-12}
}
@misc{mitm,
title = {{Man-in-the-middle attack - Wikipedia}},
url = {https://en.wikipedia.org/wiki/Man-in-the-middle{\_}attack},
urldate = {2020-07-12}
}
@misc{arp,
title = {{What is ARP Spoofing | ARP Cache Poisoning Attack Explained | Imperva}},
url = {https://www.imperva.com/learn/application-security/arp-spoofing/},
urldate = {2020-07-12}
}
@misc{dns,
title = {{What is DNS Spoofing | Cache Poisoning Attack Example | Imperva}},
url = {https://www.imperva.com/learn/application-security/dns-spoofing/},
urldate = {2020-07-12}
}
@misc{cain,
title = {{Cain and Abel (software) - Wikipedia}},
url = {https://en.wikipedia.org/wiki/Cain{\_}and{\_}Abel{\_}(software){\#}:{~}:text=Cain and Abel (often abbreviated,brute force and cryptanalysis attacks.},
urldate = {2020-07-12}
}
@misc{kismet,
title = {{Kismet - Kismet}},
url = {https://www.kismetwireless.net/},
urldate = {2020-07-12}
}
@misc{ntop,
title = {{ntop – High Performance Network Monitoring Solutions based on Open Source and Commodity Hardware.}},
url = {https://www.ntop.org/},
urldate = {2020-07-12}
}
@misc{networkminer,
title = {{NetworkMiner - The NSM and Network Forensics Analysis Tool}},
url = {https://www.netresec.com/?page=NetworkMiner},
urldate = {2020-07-12}
}
@misc{nmap,
title = {{Nmap: the Network Mapper - Free Security Scanner}},
url = {https://nmap.org/},
urldate = {2020-07-12}
}
@misc{angry,
title = {{Angry IP Scanner - Download for Windows, Mac or Linux}},
url = {https://angryip.org/download/{\#}linux},
urldate = {2020-07-12}
}
@misc{hping3,
title = {{Hping3 « Kali Linux – Documentaci{\'{o}}n en espa{\~{n}}ol}},
url = {https://kali-linux.net/article/hping3/},
urldate = {2020-07-12}
}
@misc{netscan,
title = {{NetScanTools{\textregistered} Network Engineering Tools and the Managed Switch Port Mapping Tool}},
url = {https://www.netscantools.com/},
urldate = {2020-07-12}
}
@misc{nessus,
title = {{Descargue la Evaluaci{\'{o}}n de vulnerabilidades Nessus | Tenable{\textregistered}}},
url = {https://es-la.tenable.com/products/nessus},
urldate = {2020-07-12}
}
@misc{zenmap,
title = {{Zenmap - Official cross-platform Nmap Security Scanner GUI}},
url = {https://nmap.org/zenmap/},
urldate = {2020-07-12}
}
